<record><leader>00000cas a22000007a 4500</leader><controlfield tag="001">12645530</controlfield><controlfield tag="008">851008d18uu1uuualuwr ne      0    0eng d</controlfield><datafield ind1=" " ind2=" " tag="010"><subfield code="a">sn 85045050 </subfield></datafield><datafield ind1=" " ind2=" " tag="040"><subfield code="a">AAA</subfield><subfield code="b">eng</subfield><subfield code="c">AAA</subfield><subfield code="d">CPN</subfield><subfield code="d">OCLCQ</subfield></datafield><datafield ind1=" " ind2=" " tag="042"><subfield code="a">msc</subfield></datafield><datafield ind1=" " ind2=" " tag="090"><subfield code="a">PN4899.T485</subfield><subfield code="b">T48</subfield></datafield><datafield ind1="0" ind2=" " tag="130"><subfield code="a">Thomasville news (Thomasville, Ala.)</subfield></datafield><datafield ind1="1" ind2="0" tag="245"><subfield code="a">Thomasville news.</subfield></datafield><datafield ind1=" " ind2=" " tag="260"><subfield code="a">Thomasville, Ala. :</subfield><subfield code="b">J.W. Brand and S.B. Cobb</subfield></datafield><datafield ind1=" " ind2=" " tag="300"><subfield code="a">v. :</subfield><subfield code="b">ill. ;</subfield><subfield code="c">43 cm.</subfield></datafield><datafield ind1=" " ind2=" " tag="310"><subfield code="a">Weekly</subfield></datafield><datafield ind1=" " ind2=" " tag="500"><subfield code="a">"God and our country."</subfield></datafield><datafield ind1=" " ind2=" " tag="500"><subfield code="a">Editors: J.W. Brand and S.B. Cobb, &lt;1890&gt;-</subfield></datafield><datafield ind1=" " ind2=" " tag="588"><subfield code="a">Description based on: Vol. 3, no. 20 (June 6, 1890).</subfield></datafield><datafield ind1=" " ind2=" " tag="752"><subfield code="a">United States</subfield><subfield code="b">Alabama</subfield><subfield code="c">Clarke</subfield><subfield code="d">Thomasville.</subfield></datafield><datafield ind1="1" ind2=" " tag="029"><subfield code="a">AU@</subfield><subfield code="b">000025833659</subfield></datafield></record>